@misc{flash,
author = {Robert Annessi},
license = {MIT},
title = {{Backrunning Private Transactions Using Multi-Party Computatio}},
url = {https://writings.flashbots.net/backrunning-private-txs-MPC},
year = {2023}
}

@inproceedings{sgxfail,
    title={{SoK}: {SGX.Fail}: How Stuff Get e{X}posed},
    author={van Schaik, Stephan and Seto, Alex and Yurek, Thomas and Batori, Adam and AlBassam, Bader and Garman, Christina and Genkin, Daniel and Miller, Andrew and Ronen, Eyal and Yarom, Yuval},
    howpublished={\url{https://sgx.fail}},
    year={2022},
}

@inproceedings{downfall,
  title={{Downfall}: Exploiting Speculative Data Gathering},
  author={Moghimi, Daniel},
  booktitle={32th USENIX Security Symposium (USENIX Security 2023)},
  year={2023},
}

@misc{secret,
author = {Secret Network},
license = {MIT},
title = {{Secret Network: A Privacy-Preserving Secret Contract \& Decentralized Application Platform}},
url = {https://scrt.network/graypaper},
year = {},
}

@article{fe,
author = {Dan Boneh and Amit Sahai and Brent Waters},
license = {MIT},
title = {{Functional Encryption: Definitions and Challenges}},
url = {https://eprint.iacr.org/2010/543.pdf},
year = {2010},
}

@article{we,
author = {Sanjam Garg and Craig Gentry and Amit Sahai and Brent Waters},
license = {MIT},
title = {{Witness Encryption and its Applications}},
url = {https://eprint.iacr.org/2013/258.pdf},
year = {2013},
}

@article{se,
author = {Dan Boneh and Giovanni Di Crescenzo and Rafail Ostrovsky and Giuseppe Persiano},
license = {MIT},
title = {{Public Key Encryption with keyword Search}},
url = {https://crypto.stanford.edu/~dabo/pubs/papers/encsearch.pdf},
year = {2004},
}

@article{cosnarks,
author = {Alex Ozdemir and Dan Boneh},
license = {MIT},
title = {{Experimenting with Collaborative zk-SNARKs:
Zero-Knowledge Proofs for Distributed Secrets}},
url = {https://eprint.iacr.org/2021/1530.pdf},
year = {2021},
}

@article{databanks,
author = {Ronald L. Rivest,
Len Adleman,
Michael L. Dertouzos},
license = {MIT},
title = {{On data banks and privacy homomorphisms}},
url = {https://luca-giuzzi.unibs.it/corsi/Support/papers-cryptography/RAD78.pdf},
year = {1978}
}
